@ARTICLE{Bailey,
   author = "D. H. Bailey and P. N. Swarztrauber",
   title = "The fractional {F}ourier transform and applications",
   journal = "SIAM Rev.",
   volume = 33,
   number = 3,
   pages = "389--404",
   year = 1991
   }

@ARTICLE{Bay1,
   author = "A. Bayliss and C. I. Goldstein and E. Turkel",
   title = "An iterative method for the {H}elmholtz equation",
   journal = "J. Comp. Phys.",
   volume = 49,
   pages = "443--457",
   year = 1983
   }

@TECHREPORT{Ernst,
   author = "O. Ernst and G. Golub",
   title = "A domain decomposition approach to solving the {H}elmholtz
		equation with a radiation boundary condition",
   number = "NA-92-08",
   school = "Stanford University, Computer Science Department",
   year = "August 1992"
   }

@TECHREPORT{Fujitsu,
   organization = "Fujitsu",
   title = "FACOM OS IV SSL II USER'S GUIDE, 99SP0050E5",
   year = 1990
   }

@ARTICLE{Gold3,
   author = "C. I. Goldstein",
   title = "Multigrid methods for elliptic problems in unbounded domains",
   journal = "SIAM J. Numer. Anal.",
   volume = 30,
   pages = "159--183",
   year = 1993
   }

@BOOK{Hale,
   author = "J. K. Hale",
   title = "Theory of functional--differential equations",
   publisher = "Springer--Verlag, Berlin--Heidelberg--New York",
   year = 1977
   }

@INBOOK{Swa82,
   author = "P. N. Swarztrauber",
   title = "Vectorizing the {FFTs}",
   editor = "G.~Rodrigue",
   booktitle = "Parallel Computations",
   publisher = "Academic Press, New York",
   year = 1982
   }

@PHDTHESIS{Ta,
   author = "S. Ta'asan",
   title = "Multigrid Methods for Highly Oscillatory Problems",
   school = "Weizmann Institute of Science, Rehovot, Israel",
   year = "1984"
   }
   
@inproceedings{jiang2012joint,
  title={Joint VM placement and routing for data center traffic engineering},
  author={Jiang, Joe Wenjie and Lan, Tian and Ha, Sangtae and Chen, Minghua and Chiang, Mung},
  booktitle={INFOCOM, 2012 Proceedings IEEE},
  pages={2876--2880},
  year={2012},
  organization={IEEE}
}

@inproceedings{meng2010improving,
  title={Improving the scalability of data center networks with traffic-aware virtual machine placement},
  author={Meng, Xiaoqiao and Pappas, Vasileios and Zhang, Li},
  booktitle={INFOCOM, 2010 Proceedings IEEE},
  pages={1--9},
  year={2010},
  organization={IEEE}
}

@inproceedings{biran2012stable,
  title={A stable network-aware vm placement for cloud systems},
  author={Biran, Ofer and Corradi, Antonio and Fanelli, Mario and Foschini, Luca and Nus, Alexander and Raz, Danny and Silvera, Ezra},
  booktitle={Proceedings of the 2012 12th IEEE/ACM International Symposium on Cluster, Cloud and Grid Computing (ccgrid 2012)},
  pages={498--506},
  year={2012},
  organization={IEEE Computer Society}
}

@inproceedings{dias2012online,
  title={Online traffic-aware virtual machine placement in data center networks},
  author={Dias, Daniel S and Costa, Luis Henrique MK},
  booktitle={Global Information Infrastructure and Networking Symposium (GIIS), 2012},
  pages={1--8},
  year={2012},
  organization={IEEE}
}

@article{ahmad2015survey,
  title={A survey on virtual machine migration and server consolidation frameworks for cloud data centers},
  author={Ahmad, Raja Wasim and Gani, Abdullah and Hamid, Siti Hafizah Ab and Shiraz, Muhammad and Yousafzai, Abdullah and Xia, Feng},
  journal={Journal of Network and Computer Applications},
  volume={52},
  pages={11--25},
  year={2015},
  publisher={Elsevier}
}

@inproceedings{kakadia2013network,
  title={Network-aware virtual machine consolidation for large data centers},
  author={Kakadia, Dharmesh and Kopri, Nandish and Varma, Vasudeva},
  booktitle={Proceedings of the Third International Workshop on Network-Aware Data Management},
  pages={6},
  year={2013},
  organization={ACM}
}

@inproceedings{gupta2005inferring,
  title={Inferring the topology and traffic load of parallel programs running in a virtual machine environment},
  author={Gupta, Ashish and Dinda, Peter A},
  booktitle={Job Scheduling Strategies for Parallel Processing},
  pages={125--143},
  year={2005},
  organization={Springer}
}

@inproceedings{azodolmolky2013sdn,
  title={SDN-based cloud computing networking},
  author={Azodolmolky, Siamak and Wieder, Philipp and Yahyapour, Ramin},
  booktitle={Transparent Optical Networks (ICTON), 2013 15th International Conference on},
  pages={1--4},
  year={2013},
  organization={IEEE}
}